

@article{Ahmed,
  title={Hotspot Analysis Based Partial CUDA Acceleration of HMMER 3.0 on GPGPUs},
  author={Ahmed, Fahian and Quirem, Saddam and Min, Gak and Lee, Byeong Kil},
  journal={International Journal of Soft Computing and Engineering (IJSCE) ISSN},
  volume={2},
  Pages = {2231--2307},
  month = {September},
  year={2012}
}

@inproceedings{Aji,
  title={Cell-SWat: modeling and scheduling wavefront computations on the cell broadband engine},
  author={Aji, Ashwin M and Feng, Wu-chun and Blagojevic, Filip and Nikolopoulos, Dimitrios S},
  booktitle={Proceedings of the 5th conference on Computing frontiers},
  pages={13--22},
  year={2008},
  organization={ACM}
}

@article{Akoglu,
  title={Scalable and highly parallel implementation of Smith-Waterman on graphics processing unit using CUDA},
  author={Akoglu, Ali and Striemer, Gregory M},
  journal={Cluster computing},
  volume={12},
  number={3},
  pages={341--352},
  year={2009},
  publisher={Springer Science+Business Media, LLC}
}

@article{Altschul,
  title={Basic local alignment search tool},
  author={Altschul, Stephen F and Gish, Warren and Miller, Webb and Myers, Eugene W and Lipman, David J},
  journal={Journal of molecular biology},
  volume={215},
  number={3},
  pages={403--410},
  year={1990},
  publisher={Elsevier}
}

@online{ArrayFire,
  title = {Comprehensive GPU function library},
  author = {AccelerEyes},
  year = {2014},
  howpublished = {Website},
  Url = {http://www.accelereyes.com/}
}

@online{Kronos,
  title = {KRONOS 840S Desktop Workstation},
  author = {CIARA Technologies Inc.},
  year = {2013},
  howpublished = {Website},
  Url = {http://www.ciaratech.com/product.php?id_prod=489&lang=en&id_cat1=1&id_cat2=9&id_cat3=129}
}

@book{cook,
  title={CUDA programming: a developer's guide to parallel computing with GPUs},
  author={Cook, Shane},
  year={2013},
  publisher={Newnes}
}

@book{BioMach,
  title={Bioinformatics: the machine learning approach},
  author={Baldi, Pierre and Brunak, S{\o}ren},
  year={2001},
  edition = {2nd},
  publisher={MIT press}
}

@inproceedings{Derrien,
  title={Parallelizing HMMER for Hardware Acceleration on FPGAs},
  author={Derrien, Steven and Quinton, Patrice},
  booktitle={ASAP},
  pages={10--17},
  year={2007}
}

@book{SeqData,
  title={Sequence data mining},
  author={Dong, Guozhu and Pei, Jian},
  volume={33},
  year={2007},
  publisher={Springer Science+Business Media, LLC}
}

@inproceedings{Du,
  title={A tile-based parallel Viterbi algorithm for biological sequence alignment on GPU with CUDA},
  author={Du, Zhihui and Yin, Zhaoming and Bader, David A},
  booktitle={Parallel \& Distributed Processing, Workshops and Phd Forum (IPDPSW), 2010 IEEE International Symposium on},
  pages={1--8},
  year={2010},
  organization={IEEE}
}

@book{BioSeq,
  title={Biological sequence analysis: probabilistic models of proteins and nucleic acids},
  author={Durbin, Richard},
  year={1998},
  publisher={Cambridge university press}
}

@article{HMMER3,
  title={Accelerated profile HMM searches},
  author={Eddy, Sean R},
  journal={PLoS computational biology},
  volume={7},
  number={10},
  pages={e1002195},
  year={2011},
  publisher={Public Library of Science}
}

@book{ProteinBio,
  title={Protein Bioinformatics: An algorithmic approach to sequence and structure analysis},
  author={Eidhammer, Ingvar and Jonassen, Inge and Taylor, Willie R and Taylor, William Ramsay and Taylor, William Ramsay},
  year={2004},
  publisher={J. Wiley \& Sons}
}

@article{SW-SSE2,
  title={Striped Smith--Waterman speeds database searches six times over other SIMD implementations},
  author={Farrar, Michael},
  journal={Bioinformatics},
  volume={23},
  number={2},
  pages={156--161},
  year={2007},
  publisher={Oxford Univ Press}
}

@inproceedings{Ganesan,
  title={Accelerating HMMER on GPUs by implementing hybrid data and task parallelism},
  author={Ganesan, Narayan and Chamberlain, Roger D and Buhler, Jeremy and Taufer, Michela},
  booktitle={Proceedings of the First ACM International Conference on Bioinformatics and Computational Biology},
  pages={418--421},
  year={2010},
  organization={ACM}
}

@article{Gotoh,
  title={An improved algorithm for matching biological sequences},
  author={Gotoh, Osamu},
  journal={Journal of molecular biology},
  volume={162},
  number={3},
  pages={705--708},
  year={1982},
  publisher={Elsevier}
}

@article{DicBioinfo,
  title={Dictionary of bioinformatics and computational biology},
  author={Hancock, John M and Zvelebil, Marketa J},
  year={2004},
  publisher={John Wiley \& Sons}
}

@article{Henikoff,
  title={Amino acid substitution matrices from protein blocks},
  author={Henikoff, Steven and Henikoff, Jorja G},
  journal={Proceedings of the National Academy of Sciences},
  volume={89},
  number={22},
  pages={10915--10919},
  year={1992},
  publisher={National Acad Sciences}
}

@online{Hsource,
  title = {HMMER source code release archives},
  author = {Howard Hughes~Medical Institute},
  year = {2014},
  howpublished = {Website},
  Url = {http://hmmer.janelia.org/software/archive}
}

@online{HMMER,
  title = {HMMER},
  author = {Howard Hughes~Medical Institute},
  year = {2014},
  howpublished = {Website},
  Url = {http://hmmer.janelia.org/}
}

@online{HMMER2,
  title = {HMMER2.3.2 source code release},
  author = {Howard Hughes~Medical Institute},
  year = {2014},
  howpublished = {Website},
  Url = {http://selab.janelia.org/software/hmmer/2.3.2/hmmer-2.3.2.tar.gz}
}

@inproceedings{ClawHMMER,
  title={Clawhmmer: A streaming hmmer-search implementatio},
  author={Horn, Daniel Reiter and Houston, Mike and Hanrahan, Pat},
  booktitle={Proceedings of the 2005 ACM/IEEE conference on Supercomputing},
  pages={11},
  year={2005},
  organization={IEEE Computer Society}
}

@online{Intel,
  title = {Intel VTune Amplifier XE 2013},
  author = {Intel},
  year = {2014},
  howpublished = {Website},
  Url = {https://software.intel.com/en-us/intel-vtune-amplifier-xe/}
}

@inproceedings{Jacob,
  title={Preliminary results in accelerating profile HMM search on FPGAs},
  author={Jacob, Arpith C and Lancaster, Joseph M and Buhler, Jeremy D and Chamberlain, Roger D},
  booktitle={Parallel and Distributed Processing Symposium, 2007. IPDPS 2007. IEEE International},
  pages={1--8},
  year={2007},
  organization={IEEE}
}

@phdthesis{Kentie,
  title={Biological sequence alignment using graphics processing units},
  author={Kentie, Marijn},
  year={2010},
  school={M. Sc. thesis, Computer Engineering Laboratory, Technical University Delft, The Netherlands}
}

@book{Kirk,
  title={Programming massively parallel processors: a hands-on approach},
  author={Kirk, David B and Wen-mei, W Hwu},
  year={2010},
  publisher={Elsevier}
}

@article{Krogh,
  title={Hidden Markov models in computational biology: Applications to protein modeling},
  author={Krogh, Anders and Brown, Michael and Mian, I Saira and Sj{\"o}lander, Kimmen and Haussler, David},
  journal={Journal of molecular biology},
  volume={235},
  number={5},
  pages={1501--1531},
  year={1994},
  publisher={Elsevier}
}

@inproceedings{Landman,
  title={Accelerating HMMer searches on Opteron processors with minimally invasive recoding},
  author={Landman, Joseph and Ray, Joydeep and Walters, John Paul},
  booktitle={Advanced Information Networking and Applications, 2006. AINA 2006. 20th International Conference on},
  volume={2},
  pages={5--pp},
  year={2006},
  organization={IEEE}
}

@book{IntroBio,
  title={Introduction to bioinformatics},
  author={Lesk, Arthur},
  edition = {3rd},
  year={2013},
  publisher={Oxford University Press}
}

@inproceedings{Ligowski,
  title={An efficient implementation of Smith Waterman algorithm on GPU using CUDA, for massively parallel scanning of sequence databases},
  author={Ligowski, Lukasz and Rudnicki, Witold},
  booktitle={Parallel \& Distributed Processing, 2009. IPDPS 2009. IEEE International Symposium on},
  pages={1--8},
  year={2009},
  organization={IEEE}
}

@article{SW++,
  title={CUDASW++: optimizing Smith-Waterman sequence database searches for CUDA-enabled graphics processing units},
  author={Liu, Yongchao and Maskell, Douglas L and Schmidt, Bertil},
  journal={BMC research notes},
  volume={2},
  number={1},
  pages={73},
  year={2009},
  publisher={BioMed Central Ltd}
}

@article{SW++2,
  title={CUDASW++ 2.0: enhanced Smith-Waterman protein database search on CUDA-enabled GPUs based on SIMT and virtualized SIMD abstractions},
  author={Liu, Yongchao and Schmidt, Bertil and Maskell, Douglas L},
  journal={BMC research notes},
  volume={3},
  number={1},
  pages={93},
  year={2010},
  publisher={BioMed Central Ltd}
}

@article{SW++3,
  title={CUDASW++ 3.0: accelerating Smith-Waterman protein database search by coupling CPU and GPU SIMD instructions},
  author={Liu, Yongchao and Wirawan, Adrianto and Schmidt, Bertil},
  journal={BMC bioinformatics},
  volume={14},
  number={1},
  pages={117},
  year={2013},
  publisher={BioMed Central Ltd}
}

@article{Loewy,
  title={Cell structure \& function: an integrated approach},
  author={Loewy, Ariel G and Siekevitz, Philip},
  year={1991},
  publisher={Saunders College}
}

@article{FPGA,
  Author = {M. Nazrin M.Isa and Khaled Benkrid and Thomas Clayton},
  Journal = {IEEE},
  Title = {A Novel Efficient FPGA Architecture for HMMER Acceleration},
  Year = {2012}
}

@phdthesis{Maddimsetty,
  title={Acceleration of Profile-HMM Search for Protein Sequences in Reconfigurable Hardware},
  author={R.P. Maddimsetty},
  year={2006},
  school={M. Sc. thesis, Washington University, St. Louis}
}

@online{MAGMA,
  title = {A collection of next generation linear algebra (LA) GPU accelerated libraries MAGMA},
  author = {The University of Tennesse},
  year = {2014},
  howpublished = {Website},
  Url = {http://icl.cs.utk.edu/magma/software/}
}

@article{Manavski,
  title={CUDA compatible GPU cards as efficient hardware accelerators for Smith-Waterman sequence alignment},
  author={Manavski, Svetlin A and Valle, Giorgio},
  journal={BMC bioinformatics},
  volume={9},
  number={Suppl 2},
  pages={S10},
  year={2008},
  publisher={BioMed Central Ltd}
}

@book{Seq,
  title={Sequence Analysis in a Nutshell: A Guide to Tools: A Guide to Common Tools and Databases},
  author={Markel, Scott and Le{\'o}n, Darryl},
  year={2003},
  publisher={" O'Reilly Media, Inc."}
}

@online{Shader,
  title = {Compute shader overview},
  author = {Microsoft},
  year = {2014},
  howpublished = {Website},
  Url = {http://msdn.microsoft.com/en-us/library/windows/desktop/ff476331%28v=vs.85%29.aspx}
}

@online{HLSL,
  title = {Programming guide for \uppercase{HLSL}},
  author = {Microsoft},
  year = {2013},
  howpublished = {Website},
  Url = {http://msdn.microsoft.com/en-us/library/windows/desktop/bb509635%28v=vs.85%29.aspx}
}

@online{NCBI,
  title = {NCBI NR  (non-redundant) Protein Database},
  author = {National Center for Biotechnology Information, U.S. National Library of Medicine},
  year = {2014},
  howpublished = {Website},
  Url = {ftp://ftp.ncbi.nih.gov/blast/db/FASTA/nr.gz}
}

@article{Needleman,
  title={A general method applicable to the search for similarities in the amino acid sequence of two proteins},
  author={Needleman, Saul B and Wunsch, Christian D},
  journal={Journal of molecular biology},
  volume={48},
  number={3},
  pages={443--453},
  year={1970},
  publisher={Elsevier}
}

@online{CUDA-C,
  title = {{CUDA} C PROGRAMMING GUIDE},
  author = {NVIDIA},
  year = {2013},
  howpublished = {Website},
  Url = {http://docs.nvidia.com/cuda/cuda-c-programming-guide/index.html}
}

@online{CUDABest,
  title = {{CUDA} C Best Practices Guide},
  author = {NVIDIA},
  year = {2013},
  howpublished = {Website},
  Url = {http://docs.nvidia.com/cuda/cuda-c-best-practices-guide/index.html}
}

@online{Kepler,
  title = {Kepler Tuning Guide},
  author = {NVIDIA},
  year = {2014},
  howpublished = {Website},
  Url = {http://docs.nvidia.com/cuda/kepler-tuning-guide/index.html}
}

@online{DirectCompute,
  title = {Directcompute {NVIDIA} developer zone},
  author = {NVIDIA},
  year = {2014},
  howpublished = {Website},
  Url = {https://developer.nvidia.com/directcompute}
}

@online{CUDAzone,
  title = {{NVIDIA} CUDA zone},
  author = {NVIDIA},
  year = {2014},
  howpublished = {Website},
  Url = {https://developer.nvidia.com/cuda-zone}
}

@online{CUDAwhat,
  title = {{NVIDIA} What is {CUDA}?},
  author = {NVIDIA},
  year = {2014},
  howpublished = {Website},
  Url = {https://http://www.nvidia.com/object/cuda_home_new.html}
}

@online{Profiler,
  title = {Profiler User's Guide},
  author = {NVIDIA},
  year = {2014},
  howpublished = {Website},
  Url = {http://docs.nvidia.com/cuda/profiler-users-guide/}
}

@online{CUDAlibs,
  title = {GPU-accelerated libraries},
  author = {NVIDIA},
  year = {2014},
  howpublished = {Website},
  Url = {https://developer.nvidia.com/gpu-accelerated-libraries}
}

@online{cuBLAS,
  title = {CUDA Basic Linear Algebra Subroutines (cuBLAS) library},
  author = {NVIDIA},
  year = {2014},
  howpublished = {Website},
  Url = {https://developer.nvidia.com/cublas}
}

@online{thrust,
  title = {A powerful library of parallel algorithms and data structures},
  author = {NVIDIA},
  year = {2014},
  howpublished = {Website},
  Url = {https://developer.nvidia.com/thrust}
}

@inproceedings{Oliver,
  title={High performance database searching with HMMer on FPGAs},
  author={Oliver, Tim and Yeow, Leow Yuan and Schmidt, Bertil},
  booktitle={Parallel and Distributed Processing Symposium, 2007. IPDPS 2007. IEEE International},
  pages={1--7},
  year={2007},
  organization={IEEE}
}

@online{OpenCL,
  title = {The open standard for parallel programming of heterogeneous systems},
  author = {Khronos Group},
  year = {2014},
  howpublished = {Website},
  Url = {https://www.khronos.org/opencl/}
}

@online{cpus,
  title = {CPU Benchmarks},
  author = {PassMark Software},
  year = {2014},
  howpublished = {Website},
  Url = {http://www.cpubenchmark.net/high_end_cpus.html}
}

@book{BioFunc,
  title={Bioinformatics and functional genomics},
  author={Pevsner, Jonathan},
  year={2009},
  publisher={John Wiley \& Sons}
}

@online{Pfam,
  title = {Wellcome Trust Sanger Institute and Howard Hughes Janelia Farm Research Campus},
  author = {Pfam database},
  year = {2013},
  howpublished = {Website},
  Url = {ftp://ftp.sanger.ac.uk/pub/databases/Pfam/releases/Pfam27.0/Pfam-A.hmm.gz}
}

@inproceedings{Quirem,
  title={CUDA acceleration of P7Viterbi algorithm in HMMER 3.0},
  author={Quirem, Saddam and Ahmed, Fahian and Lee, Byeong Kil},
  booktitle={Performance Computing and Communications Conference (IPCCC), 2011 IEEE 30th International},
  pages={1--2},
  year={2011},
  organization={IEEE}
}

@article{SW-SIMD,
  title={Six-fold speed-up of Smith--Waterman sequence database searches using parallel processing on common microprocessors},
  author={Rognes, Torbj{\o}rn and Seeberg, Erling},
  journal={Bioinformatics},
  volume={16},
  number={8},
  pages={699--706},
  year={2000},
  publisher={Oxford Univ Press}
}

@article{Rognes,
  title={Faster Smith-Waterman database searches with inter-sequence SIMD parallelisation},
  author={Rognes, Torbj{\o}rn},
  journal={BMC bioinformatics},
  volume={12},
  number={1},
  pages={221},
  year={2011},
  publisher={BioMed Central Ltd}
}

@article{Sachdeva,
  title={Exploring the viability of the Cell Broadband Engine for bioinformatics applications},
  author={Sachdeva, Vipin and Kistler, Michael and Speight, Evan and Tzeng, Tzy-Hwa Kathy},
  journal={Parallel Computing},
  volume={34},
  number={11},
  pages={616--626},
  year={2008},
  publisher={Elsevier}
}

@article{Saeed,
  title={Acceleration of the Smith--Waterman algorithm using single and multiple graphics processors},
  author={Khajeh-Saeed, Ali and Poole, Stephen and Blair Perot, J},
  journal={Journal of Computational Physics},
  volume={229},
  number={11},
  pages={4247--4258},
  year={2010},
  publisher={Elsevier}
}

@book{CUDAintro,
  title={CUDA by example: an introduction to general-purpose GPU programming},
  author={Sanders, Jason and Kandrot, Edward},
  year={2010},
  publisher={Addison-Wesley Professional}
}

@article{SW,
  title={Identification of common molecular subsequences},
  author={Smith, Temple F and Waterman, Michael S},
  journal={Journal of molecular biology},
  volume={147},
  number={1},
  pages={195--197},
  year={1981},
  publisher={Elsevier}
}

@online{Swiss-Prot,
  title = {UniProtKB/Swiss-Prot protein knowledgebase release 2014-05 statistics},
  author = {SIB Bioinformatics Resource Portal},
  year = {2014},
  howpublished = {Website},
  Url = {http://web.expasy.org/docs/relnotes/relstat.html}
}

@online{UniProtTr,
  title = {UniProtKB/TrEMBL PROTEIN DATABASE RELEASE 2014\_05 STATISTICS},
  author = {EMBL-EBI, Wellcome Trust Genome Campus},
  year = {2014},
  howpublished = {Website},
  Url = {http://web.expasy.org/docs/relnotes/relstat.html}
}

@online{UniProt,
  title = {UniProt Release},
  author = {Universal Protein Resource},
  year = {2014},
  howpublished = {Website},
  Url = {ftp://ftp.uniprot.org/pub/databases/uniprot/previous_releases/release-2013_09/}
}

@online{upr,
  title = {About UniProtUniversal Protein Resource},
  author = {Universal Protein Resource},
  year = {2014},
  howpublished = {Website},
  Url = {http://www.uniprot.org/help/about}
}

@inproceedings{Walters2006,
  title={Accelerating the HMMER sequence analysis suite using conventional processors},
  author={Walters, John Paul and Qudah, Bashar and Chaudhary, Vipin},
  booktitle={Advanced Information Networking and Applications, 2006. AINA 2006. 20th International Conference on},
  volume={1},
  pages={6--pp},
  year={2006},
  organization={IEEE}
}

@inproceedings{GPUHMM,
  title={Evaluating the use of GPUs in liver image segmentation and HMMER database searches},
  author={Walters, John Paul and Balu, Vidyananth and Kompalli, Suryaprakash and Chaudhary, Vipin},
  booktitle={Parallel \& Distributed Processing, 2009. IPDPS 2009. IEEE International Symposium on},
  pages={1--12},
  year={2009},
  organization={IEEE}
}

@online{Waters,
  title = {Taking CUDA to Ludicrous Speed},
  author = {Blue Waters},
  year = {2013},
  howpublished = {Website},
  Url = {http://iclcs.uiuc.edu/index.php/iclcs-news/51-blue-waters-undergraduate-petascale-internship-program.html}
}

@online{Cell,
  title = {Cell (biology)},
  author = {Wikipedia},
  year = {2014},
  howpublished = {Website},
  Url = {http://en.wikipedia.org/wiki/Cell_(biology)}
}

@online{sa,
  title = {Sequence Alignment},
  author = {Wikipedia},
  year = {2014},
  howpublished = {Website},
  Url = {http://en.wikipedia.org/wiki/Sequence_alignment}
}

@book{CUDAHand,
  title={The CUDA Handbook : A Comprehensive Guide to GPU Programming},
  author={Nicholas Wilt},
  year={2013},
  publisher={Pearson Education, Inc.}
}

@inproceedings{Wun,
  title={Exploiting coarse-grained parallelism to accelerate protein motif finding with a network processor},
  author={Wun, Ben and Buhler, Jeremy and Crowley, Patrick},
  booktitle={Parallel Architectures and Compilation Techniques, 2005. PACT 2005. 14th International Conference on},
  pages={173--184},
  year={2005},
  organization={IEEE}
}

@online{Zeller,
  title = {Tutorial CUDA},
  author = {Cyril Zeller},
  year = {2014},
  howpublished = {Website},
  Url = {http://people.cs.pitt.edu/~melhem/courses/3580p/nvidia.pdf}
}
